<record><leader>01286cam a2200349 a 4500</leader><controlfield tag="005">20090122112135.0</controlfield><controlfield tag="008">020805s2002    nyua     bc   001 0deng  </controlfield><controlfield tag="001">9938589053506421</controlfield><datafield tag="010" ind1=" " ind2=" "><subfield code="a">  2002004796</subfield></datafield><datafield tag="020" ind1=" " ind2=" "><subfield code="a">3882438282</subfield><subfield code="0">(uri) http://www.isbnsearch.org/isbn/3882438282</subfield></datafield><datafield tag="035" ind1=" " ind2=" "><subfield code="a">(CStRLIN)NYWA02-B742</subfield></datafield><datafield tag="035" ind1=" " ind2=" "><subfield code="a">(NjP)3858905-princetondb</subfield></datafield><datafield tag="040" ind1=" " ind2=" "><subfield code="a">DLC</subfield><subfield code="c">DLC</subfield><subfield code="d">NNWhit</subfield></datafield><datafield tag="042" ind1=" " ind2=" "><subfield code="a">pcc</subfield></datafield><datafield tag="050" ind1="0" ind2="0"><subfield code="a">TR654</subfield><subfield code="b">.W6363 2002</subfield></datafield><datafield tag="082" ind1="0" ind2="0"><subfield code="a">779/.092</subfield><subfield code="2">21</subfield></datafield><datafield tag="100" ind1="1" ind2=" "><subfield code="a">Wolf, Sylvia,</subfield><subfield code="d">1957-</subfield></datafield><datafield tag="245" ind1="1" ind2="0"><subfield code="a">Michal Rovner :</subfield><subfield code="b">the space between /</subfield><subfield code="c">Sylvia Wolf ; with an essay by Michael Rush and a conversation between Michal Rovner and Leon Golub.</subfield></datafield><datafield tag="260" ind1=" " ind2=" "><subfield code="a">New York :</subfield><subfield code="b">Whitney Museum of American Art ;</subfield><subfield code="a">Göttingen, Germany :</subfield><subfield code="b">Steidl Verlag,</subfield><subfield code="c">c2002.</subfield></datafield><datafield tag="263" ind1=" " ind2=" "><subfield code="a">0206</subfield></datafield><datafield tag="300" ind1=" " ind2=" "><subfield code="a">256 p. :</subfield><subfield code="b">ill. (some col.) ;</subfield><subfield code="c">27 cm.</subfield></datafield><datafield tag="500" ind1=" " ind2=" "><subfield code="a">Published in conjunction with the exhibition of the same name at the Whitney Museum of American Art, New York, July 11-Oct. 13, 2002.</subfield></datafield><datafield tag="504" ind1=" " ind2=" "><subfield code="a">Includes bibliographical references and index.</subfield></datafield><datafield tag="650" ind1=" " ind2="0"><subfield code="a">Photography, Artistic.</subfield></datafield><datafield tag="650" ind1=" " ind2="0"><subfield code="a">Video art.</subfield></datafield><datafield tag="600" ind1="1" ind2="0"><subfield code="a">Rovner, Michal,</subfield><subfield code="d">1957-</subfield></datafield><datafield tag="700" ind1="1" ind2=" "><subfield code="a">Rovner, Michal,</subfield><subfield code="d">1957-</subfield></datafield><datafield tag="700" ind1="1" ind2=" "><subfield code="a">Rush, Michael.</subfield></datafield><datafield tag="700" ind1="1" ind2=" "><subfield code="a">Golub, Leon,</subfield><subfield code="d">1922-2004.</subfield></datafield><datafield tag="710" ind1="2" ind2=" "><subfield code="a">Whitney Museum of American Art.</subfield></datafield><datafield tag="998" ind1=" " ind2=" "><subfield code="s">9110</subfield></datafield><datafield tag="950" ind1=" " ind2=" "><subfield code="a">TR647.R75</subfield><subfield code="b">W45 2002</subfield></datafield><datafield tag="904" ind1=" " ind2=" "><subfield code="a">jar</subfield><subfield code="b">o</subfield><subfield code="h">m</subfield><subfield code="c">b</subfield><subfield code="e">20030311</subfield></datafield><datafield tag="950" ind1=" " ind2=" "><subfield code="b">2020-12-02 05:19:24 US/Eastern</subfield><subfield code="a">true</subfield></datafield><datafield tag="852" ind1="0" ind2=" "><subfield code="b">marquand</subfield><subfield code="c">stacks</subfield><subfield code="8">2252924910006421</subfield></datafield><datafield tag="952" ind1=" " ind2=" "><subfield code="a">2020-12-02 10:19:24</subfield><subfield code="8">2252924910006421</subfield><subfield code="b">Marquand Library</subfield><subfield code="c">Marquand Library</subfield><subfield code="e">true</subfield></datafield><datafield tag="852" ind1="0" ind2=" "><subfield code="b">marquand</subfield><subfield code="c">ph</subfield><subfield code="8">2252924900006421</subfield></datafield><datafield tag="952" ind1=" " ind2=" "><subfield code="a">2020-12-02 10:19:24</subfield><subfield code="8">2252924900006421</subfield><subfield code="b">Marquand Library</subfield><subfield code="c">saph Marquand Lib. Photog</subfield><subfield code="e">false</subfield></datafield></record>
